00592cas a22002291a 4500
001 999290803502836
003 Nz
005 20160321142642.0
008 040105d19861987nz  r ne      0   0 eng d
035    $a (NLNZils)929080
035    $a (Nz)8157237
035    $a (NLNZils)929080-ilsdb
035    $a (OCoLC)173421527
040    $a WN $c WN
042    $a nznb
043    $a u-nz---
245 00 $a Hutt sun.
260    $a [Wainuiomata, N.Z. : $b s.n., $c 1986-1987]
310    $a Weekly
362 0  $a 1986 Nov.7-1987 Jan.23
651  0 $a Lower Hutt (N.Z.) $v Newspapers.
655  7 $a New Zealand newspapers. $2 local $5 Nz
